@webpage{dispositivos_conectados,
ALTauthor = {Rob Soderbery},
key={art√≠culo},
title = "{How Many Things Are Currently Connected To The "Internet of Things" (IoT)?}",
url = {http://www.forbes.com/sites/quora/2013/01/07/how-many-things-are-currently-connected-to-the-internet-of-things-iot/},
}