@book{enfoque_moderno,
    author = {Russell, Stuart and Norving, Peter},
    citeulike-article-id = {2611696},
    keywords = {bibtex-import},
    posted-at = {2008-03-30 05:07:40},
    priority = {2},
    publisher = {Pearson Educación, S. A. Madrid},
    title = {Inteligencia Artificial. Un Enfoque Moderno. Segunda edición},
    year = {2004}
}